@online{datasetSelfDrivingCar,
	title = {Udacity Self Driving Car Dataset},
	author = {Edward Zhang},
	url = {https://www.kaggle.com/datasets/sshikamaru/udacity-self-driving-car-dataset},
	lastchecked = {23. Juni 2023}
}

@online{yoloArchitecture,
	title = {mmyolo},
	author = {MMYOLO Contributors},
	url = {https://github.com/open-mmlab/mmyolo},
	lastchecked = {10. Juli 2023}
}

@article{yoloxPaper,
	title={YOLOX: Exceeding YOLO Series in 2021},
	author={Ge, Zheng and Liu, Songtao and Wang, Feng and Li, Zeming and Sun, Jian},
	journal={arXiv preprint arXiv:2107.08430},
	year={2021}
}

@misc{yoloxGitHubRepo,
	title        = {YOLOX},
	author       = {Megvii-BaseDetection}, 
	year	= {2021},
	publisher = {GitHub},
	journal = {GitHub repository},
	url = {https://github.com/Megvii-BaseDetection/YOLOX}
}

@online{yoloxBackbone,
	title = {YOLOv4 — Version 3: Proposed Workflow},
	author = {Deval Shah},
	url = {https://medium.com/visionwizard/yolov4-version-3-proposed-workflow-e4fa175b902},
	lastchecked = {13. Juli 2023}
}

@article{yoloxNeckPAN,
	title={Path Aggregation Network for Instance Segmentation},
	author={Shu Liu and Lu Qi and Haifang Qin and Jianping Shi and Jiaya Jia},
	journal={2018 IEEE/CVF Conference on Computer Vision and Pattern Recognition},
	year={2018},
	pages={8759-8768}
}

@article{yoloxNeckFPN,
	title={Feature Pyramid Networks for Object Detection},
	author={Tsung-Yi Lin and Piotr Doll{\'a}r and Ross B. Girshick and Kaiming He and Bharath Hariharan and Serge J. Belongie},
	journal={2017 IEEE Conference on Computer Vision and Pattern Recognition (CVPR)},
	year={2016},
	pages={936-944}
}

@online{yoloxExplanationHowWorks,
	title = {YOLOX Explanation — How Does YOLOX Work?},
	author = {Gabriel Mongaras},
	url = {https://medium.com/mlearning-ai/yolox-explanation-how-does-yolox-work-3e5c89f2bf78},
	lastchecked = {12. Juli 2023}
}

@online{yoloxExplanationSimOTA,
	title = {YOLOX Explanation — SimOTA For Dynamic Label Assignment},
	author = {Gabriel Mongaras},
	url = {https://medium.com/mlearning-ai/yolox-explanation-simota-for-dynamic-label-assignment-8fa5ae397f76},
	lastchecked = {12. Juli 2023}
}

@online{yoloxExplanationAug,
	title = {YOLOX Explanation — Mosaic and Mixup For Data Augmentation},
	author = {Gabriel Mongaras},
	url = {https://medium.com/mlearning-ai/yolox-explanation-mosaic-and-mixup-for-data-augmentation-3839465a3adf},
	lastchecked = {12. Juli 2023}
}

@article{yoloxAnchorFree,
	title={FCOS: Fully Convolutional One-Stage Object Detection},
	author={Zhi Tian and Chunhua Shen and Hao Chen and Tong He},
	journal={2019 IEEE/CVF International Conference on Computer Vision (ICCV)},
	year={2019},
	pages={9626-9635}
}

@online{yoloxExplanationSIMOTA,
	title = {YOLOX Explanation — How Does YOLOX Work?},
	author = {Gabriel Mongaras},
	url = {https://medium.com/mlearning-ai/yolox-explanation-simota-for-dynamic-label-assignment-8fa5ae397f76},
	lastchecked = {12. Juli 2023}
}

@online{yolov8ModelExplanation,
	title = {Dive into YOLOv8: How does this state-of-the-art model work?},
	author = {OpenMMLab},
	url = {https://openmmlab.medium.com/dive-into-yolov8-how-does-this-state-of-the-art-model-work-10f18f74bab1},
	lastchecked = {12. Juli 2023}
}

@article{yolov8LabelAssignment,
	title={TOOD: Task-aligned One-stage Object Detection},
	author={Chengjian Feng and Yujie Zhong and Yu Gao and Matthew R. Scott and Weilin Huang},
	journal={2021 IEEE/CVF International Conference on Computer Vision (ICCV)},
	year={2021},
	pages={3490-3499}
}

@online{ciouLoss,
	title = {IoU Loss Functions for Faster and More Accurate Object Detection},
	author = {Prakash Chandra},
	url = {https://learnopencv.com/iou-loss-functions-object-detection/#ciou-complete-iou-loss},
	lastchecked = {13. Juli 2023}
}

@article{dflLoss,
	title={Generalized Focal Loss: Learning Qualified and Distributed Bounding Boxes for Dense Object Detection},
	author={Xiang Li and Wenhai Wang and Lijun Wu and Shuo Chen and Xiaolin Hu and Jun Li and Jinhui Tang and Jian Yang},
	journal={ArXiv},
	year={2020},
	volume={abs/2006.04388}
}




