@manual{Maniel,
	title = {Intel RealSense LiDAR Camera L515},
	date = {Juni 2020},
	organization = {Intel Deutschland GmbH},
	edition      = {2},
	month        = {6},
	year         = {2020},
	note         = {Datenblatt}
}

@thesis{thesis,
	author = {Maximilian Schlosser and Marco Heinlein},
	title = {Projektdokumentation 3D-Bildverarbeitung mit Intel Realsense L515},
	institution = {Ostbayerische Technische Hochschule Amberg-Weiden},
	date = {16.09.2020},
	year={2020}
}

@inproceedings{HandEyeCalibration_Andreff,
	author={Andreff, N. and Horaud, R. and Espiau, B.},
	booktitle={Second International Conference on 3-D Digital Imaging and Modeling (Cat. No.PR00062)}, 
	title={On-line hand-eye calibration}, 
	year={1999},
	pages={430-436},
	doi={10.1109/IM.1999.805374}
}

@article{Article_1,
	title={Hand-Eye Calibration Using Dual Quaternions},
	author={Kostas Daniilidis},
	journal={The International Journal of Robotics Research},
	year={1999},
	volume={18},
	pages={286 - 298}
}


@article{Article_2,
	title = {Automatic generation and detection of highly reliable fiducial markers under occlusion},
	journal = {Pattern Recognition},
	volume = {47},
	number = {6},
	pages = {2280-2292},
	year = {2014},
	issn = {0031-3203},
	doi = {https://doi.org/10.1016/j.patcog.2014.01.005},
	url = {https://www.sciencedirect.com/science/article/pii/S0031320314000235},
	author = {S. Garrido-Jurado and R. Muñoz-Salinas and F.J. Madrid-Cuevas and M.J. Marín-Jiménez},
	keywords = {Augmented reality, Fiducial marker, Computer vision},
	abstract = {This paper presents a fiducial marker system specially appropriated for camera pose estimation in applications such as augmented reality and robot localization. Three main contributions are presented. First, we propose an algorithm for generating configurable marker dictionaries (in size and number of bits) following a criterion to maximize the inter-marker distance and the number of bit transitions. In the process, we derive the maximum theoretical inter-marker distance that dictionaries of square binary markers can have. Second, a method for automatically detecting the markers and correcting possible errors is proposed. Third, a solution to the occlusion problem in augmented reality applications is shown. To that aim, multiple markers are combined with an occlusion mask calculated by color segmentation. The experiments conducted show that our proposal obtains dictionaries with higher inter-marker distances and lower false negative rates than state-of-the-art systems, and provides an effective solution to the occlusion problem.}
}


@book{book,
	author = {Ng, Annalyn AND Soo, Kenneth},
	year = {2018},
	title = {Data Science – was ist das eigentlich?! - Algorithmen des maschinellen Lernens verständlich erklärt},
	isbn = {978-3-662-56776-0},
	publisher = {Springer-Verlag},
	address = {Berlin Heidelberg New York},
}

@online{Unity,
	title = {Unity},
	url = {https://unity.com},
	lastchecked = {22. Januar 2022}
}

@online{GitHub,
	title = {GitHub},
	url = {https://github.com/JohannesH1998/AR-VR-Igelschutz},
	lastchecked = {22. Januar 2022}
}

@online{Trello,
	title = {Trello},
	url = {https://trello.com},
	lastchecked = {22. Januar 2022}
}

@online{Igelrettung,
	title = {Igel überwintern: Die Igelrettungsstation in Fürth},
	url = {https://www.youtube.com/watch?v=vP9LcVgXYTE},
	lastchecked = {23. Januar 2022}
}

@online{Igel_Infos_1,
	title = {Igel - Beliebter Stachelritter liebt die Stadt},
	url = {https://www.deutschewildtierstiftung.de/wildtiere/igel},
	lastchecked = {23. Januar 2022}
}

@online{Igel_Infos_2,
	title = {Pro Igel E. V.},
	url = {https://www.pro-igel.de},
	lastchecked = {23. Januar 2022}
}

@online{CC0_Lizenz,
	title = {Creative Commons - CC0 1.0 Universal},
	url = {https://creativecommons.org/publicdomain/zero/1.0/},
	lastchecked = {23. Januar 2022}
}

@online{Unity_BezierCurve_Youtube,
	title = {Unity Tutorial How To Make Game Object Or Character Move Along Bezier Curve},
	author = {Alexander Zotov},
	url = {https://www.youtube.com/watch?v=11ofnLOE8pw&t=169s},
	lastchecked = {23. Januar 2022}
}

@misc{BezierKurven_Theorie,
	title        = {Polynome im Einsatz: Bezier-Kurven im CAD},
	author       = {Dipl.-Inform. Wolfgang Globke}, 
	organization = {Universität Karlsruhe},
	address      = {Karlsruhe},
	note         = {Vorlesungsskript},
	url = {https://www.math.kit.edu/iag2/~globke/media/bezier.pdf}
}

@online{freesound,
	title = {Freesound - Webseite},
	url = {https://freesound.org},
	lastchecked = {29. Januar 2022}
}

@online{opengameart,
	title = {OpenGameArt - Webseite},
	url = {https://opengameart.org},
	lastchecked = {29. Januar 2022}
}

